@article{patterson2014general,
  title={A general-purpose MATLAB software for solving multi-phase optimal control problems},
  author={Patterson, MA and others},
  journal={University of Florida (http://www. gpops2. com)},
  year={2014}
}

@article{kellyDirectCollocation,
  author = {Kelly, Matthew},
  title = {An Introduction to Trajectory Optimization: How to Do Your Own Direct Collocation},
  journal = {SIAM Review},
  volume = {59},
  number = {4},
  pages = {849-904},
  year = {2017},
  doi = {10.1137/16M1062569},
  URL = {https://doi.org/10.1137/16M1062569}
}